@article{zyk_pol,
  author = {Zykin, Sergey and Poluyanov, Andrey},
  title = {Multidimensional data building using Intermediate Representations.},
  journal = {Administration problems},
  year = 2013,
  number = 5,
  pages = {54-59}
}

@article{mosin_zykin,
  author = {Mosin, Sergey and Zykin, Sergey},
  title = {Truth space method for caching database queries},
  journal = {Modeling and Analysis of Information Systems},
  year = 2015,
  number = 2,
  volume = 22,
  pages = {248-258}
}

@article{owens,
  title	= {A Survey of General-Purpose Computation on Graphics Hardware},
  journal =	{Computer Graphics Forum},
  author = {John D. Owens AND David Luebke AND Naga Govindaraju AND Mark Harris AND Jens Krüger AND Aaron Lefohn AND Timothy J. Purcell},
  year = 2007,
  keywords = {GPGPU survey},
  url =	{http://www.blackwell-synergy.com/doi/pdf/10.1111/j.1467-8659.2007.01012.x},
  pages = {80--113},
  volume = 26,
  number = 1,
  abstract = {The rapid increase in the performance of graphics hardware, coupled with recent improvements in its programmability, have made graphics hardware a compelling platform for computationally demanding tasks in a wide variety of application domains. In this report, we describe, summarize, and analyze the latest research in mapping general-purpose computation to graphics hardware. We begin with the technical motivations that underlie general-purpose computation on graphics processors (GPGPU) and describe the hardware and software developments that have led to the recent interest in this field. We then aim the main body of this report at two separate audiences. First, we describe the techniques used in mapping general-purpose computation to graphics hardware. We believe these techniques will be generally useful for researchers who plan to develop the next generation of GPGPU algorithms and techniques. Second, we survey and categorize the latest developments in general-purpose application development on graphics hardware.},
}

@inproceedings{bakkum,
  added-at = {2010-03-18T00:00:00.000+0100},
  author = {Bakkum, Peter and Skadron, Kevin},
  biburl = {http://www.bibsonomy.org/bibtex/2810fac9f06383a468ca76e2512789b6c/dblp},
  booktitle = {GPGPU},
  crossref = {conf/asplos/2010gpgpu},
  date = {2010-03-18},
  description = {dblp},
  editor = {Kaeli, David R. and Leeser, Miriam},
  ee = {http://doi.acm.org/10.1145/1735688.1735706},
  interhash = {6bb71231a8e148668f08a0cc5ef397f8},
  intrahash = {810fac9f06383a468ca76e2512789b6c},
  isbn = {978-1-60558-935-0},
  keywords = {dblp},
  pages = {94-103},
  publisher = {ACM},
  series = {ACM International Conference Proceeding Series},
  timestamp = {2010-03-19T11:35:02.000+0100},
  title = {Accelerating SQL database operations on a GPU with CUDA.},
  url = {http://dblp.uni-trier.de/db/conf/asplos/gpgpu2010.html},
  volume = 425,
  year = 2010
}

@inproceedings{govin,
  added-at = {2009-06-28T00:00:00.000+0200},
  author = {Govindaraju, Naga K. and Lloyd, Brandon and 0010, Wei Wang and Lin, Ming C. and Manocha, Dinesh},
  biburl = {http://www.bibsonomy.org/bibtex/2483405c81e4983d6ea534e392ac1d8fc/dblp},
  booktitle = {SIGMOD Conference},
  crossref = {conf/sigmod/2004},
  date = {2009-06-28},
  description = {dblp},
  ee = {http://doi.acm.org/10.1145/1007568.1007594},
  interhash = {215ef8f77e771c23fd0184477258f0aa},
  intrahash = {483405c81e4983d6ea534e392ac1d8fc},
  isbn = {1-58113-859-8},
  keywords = {dblp},
  pages = {215-226},
  publisher = {ACM},
  timestamp = {2009-07-16T14:58:41.000+0200},
  title = {Fast Computation of Database Operations using Graphics Processors.},
  url = {http://dblp.uni-trier.de/db/conf/sigmod/sigmod2004.html},
  year = 2004
}

@inproceedings{yang,
  added-at = {2008-06-10T00:00:00.000+0200},
  author = {He, Bingsheng and Yang, Ke and Fang, Rui and Lu, Mian and Govindaraju, Naga K. and Luo, Qiong and Sander, Pedro V.},
  biburl = {http://www.bibsonomy.org/bibtex/2924c3f47b70505a6ae72d9fa2bd1d9d8/dblp},
  booktitle = {SIGMOD Conference},
  crossref = {conf/sigmod/2008},
  date = {2008-06-10},
  description = {dblp},
  editor = {Wang, Jason Tsong-Li},
  ee = {http://doi.acm.org/10.1145/1376616.1376670},
  interhash = {9c2348dd9c6dacdfd630361995eca022},
  intrahash = {924c3f47b70505a6ae72d9fa2bd1d9d8},
  isbn = {978-1-60558-102-6},
  keywords = {dblp},
  pages = {511-524},
  publisher = {ACM},
  timestamp = {2008-06-11T11:51:24.000+0200},
  title = {Relational joins on graphics processors.},
  url = {http://dblp.uni-trier.de/db/conf/sigmod/sigmod2008.html},
  year = 2008
}

@article{wata,
  added-at = {2009-11-27T00:00:00.000+0100},
  author = {Watanabe, Yousuke and Kitagawa, Hiroyuki},
  biburl = {http://www.bibsonomy.org/bibtex/28a6f74365cfdb95a9524e65ebc5d92eb/dblp},
  date = {2009-11-27},
  description = {dblp},
  ee = {http://dx.doi.org/10.1016/j.is.2009.04.003},
  interhash = {38fc3ae4bed484b54fdd936a2f9cb52f},
  intrahash = {8a6f74365cfdb95a9524e65ebc5d92eb},
  journal = {Inf. Syst.},
  keywords = {dblp},
  number = 1,
  pages = {94-110},
  timestamp = {2009-11-28T11:34:26.000+0100},
  title = {Query result caching for multiple event-driven continuous queries.},
  url = {http://dblp.uni-trier.de/db/journals/is/is35.html\#WatanabeK10},
  volume = 35,
  year = 2010
}

@inproceedings{yates,
  added-at = {2008-05-13T00:00:00.000+0200},
  author = {Yates, David J. and Nahum, Erich M. and Kurose, James F. and Shenoy, Prashant},
  biburl = {http://www.bibsonomy.org/bibtex/248ff6925abeabab64665949ab79d7f00/dblp},
  booktitle = {PerCom},
  crossref = {conf/percom/2008},
  date = {2008-05-13},
  description = {dblp},
  ee = {http://doi.ieeecomputersociety.org/10.1109/PERCOM.2008.117},
  interhash = {1c15d5a45b97255381d6d54a20b726e2},
  intrahash = {48ff6925abeabab64665949ab79d7f00},
  keywords = {dblp},
  pages = {195-205},
  publisher = {IEEE Computer Society},
  timestamp = {2008-05-14T11:44:01.000+0200},
  title = {Data Quality and Query Cost in Pervasive Sensing Systems.},
  url = {http://dblp.uni-trier.de/db/conf/percom/percom2008.html\#YatesNKS08},
  year = 2008
}

@article{andrade,
  added-at = {2007-09-14T00:00:00.000+0200},
  author = {Henrique Andrade, Tahsin Kurc, Alan Sussman, Joel Saltz},
  biburl = {http://www.bibsonomy.org/bibtex/285659b5a4052425578a2e947d7a4a2d6/dblp},
  date = {2007-09-14},
  description = {dblp},
  ee = {http://dx.doi.org/10.1016/j.parco.2007.03.001},
  interhash = {6826c763eb226d129ea72211835eb891},
  intrahash = {85659b5a4052425578a2e947d7a4a2d6},
  journal = {Parallel Computing},
  keywords = {dblp},
  number = {7-8},
  pages = {497-520},
  timestamp = {2007-10-10T13:56:16.000+0200},
  title = {Active semantic caching to optimize multidimensional data analysis in parallel and distributed environments.},
  url = {http://dblp.uni-trier.de/db/journals/pc/pc33.html\#AndradeKSS07},
  volume = 33,
  year = 2007
}

@article{mershad,
  added-at = {2011-04-06T00:00:00.000+0200},
  author = {Mershad, Khaleel W. and Artail, Hassan},
  biburl = {http://www.bibsonomy.org/bibtex/28bbd1bffc3d36ffff4576202b0f2b626/dblp},
  ee = {http://dx.doi.org/10.1016/j.jpdc.2010.11.001},
  interhash = {0a89e8ba818845c5d94b68dd24d8bf6d},
  intrahash = {8bbd1bffc3d36ffff4576202b0f2b626},
  journal = {J. Parallel Distrib. Comput.},
  keywords = {dblp},
  number = 3,
  pages = {495-511},
  timestamp = {2011-04-29T15:01:34.000+0200},
  title = {CODISC: Collaborative and distributed semantic caching for maximizing cache effectiveness in wireless networks.},
  url = {http://dblp.uni-trier.de/db/journals/jpdc/jpdc71.html\#MershadA11},
  volume = 71,
  year = 2011
}

@article{abbani,
  title = {Protecting data flow anonymity in mobile ad hoc networks that employ cooperative caching},
  journal = {Ad Hoc Networks},
  author = {Noor Abbani, Hassan Artail},
  pages = {69-87},
  volume = 26,
  year = 2015
}

@article{doker,
  title = {Robust heuristic algorithms for exploiting the common tasks of relational cloud database queries},
  journal = {Applied Soft Computing},
  author = {Tansel Dokeroglu, Murat Ali Bayir, Ahmet Cosar}
  volume = 30,
  year = 2015,
  pages = {72-82}
}

@inproceedings{beran,
  added-at = {2013-06-05T00:00:00.000+0200},
  author = {Beran, Peter Paul and Mach, Werner and Schikuta, Erich and Vigne, Ralph},
  biburl = {http://www.bibsonomy.org/bibtex/205f0dfe3e1d2f36bc6f1a08c5e8faf91/dblp},
  booktitle = {ICCS},
  crossref = {conf/iccS/2011},
  editor = {Sato, Mitsuhisa and Matsuoka, Satoshi and Sloot, Peter M. A. and van Albada, G. Dick and Dongarra, Jack},
  ee = {http://dx.doi.org/10.1016/j.procs.2011.04.017},
  interhash = {f534d913afcd878bb7efa737588f7685},
  intrahash = {05f0dfe3e1d2f36bc6f1a08c5e8faf91},
  keywords = {dblp},
  pages = {156-165},
  publisher = {Elsevier},
  series = {Procedia Computer Science},
  timestamp = {2013-08-13T15:06:09.000+0200},
  title = {A Multi-Staged Blackboard Query Optimization Framework for World-Spanning Distributed Database Resources.},
  url = {http://dblp.uni-trier.de/db/journals/procedia/procedia4.html\#BeranMSV11},
  volume = 4,
  year = 2011
}

@article{meij,
  added-at = {2011-12-18T00:00:00.000+0100},
  author = {Meij, Edgar and Bron, Marc and Hollink, Laura and Huurnink, Bouke and de Rijke, Maarten},
  biburl = {http://www.bibsonomy.org/bibtex/22df44b7d35b971a822435a3513bf12b5/dblp},
  ee = {http://dx.doi.org/10.1016/j.websem.2011.04.001},
  interhash = {c9722293132081bde601ed9a690bad1a},
  intrahash = {2df44b7d35b971a822435a3513bf12b5},
  journal = {J. Web Sem.},
  keywords = {dblp},
  number = 4,
  pages = {418-433},
  timestamp = {2011-12-20T11:33:31.000+0100},
  title = {Mapping queries to the Linking Open Data cloud: A case study using DBpedia.},
  url = {http://dblp.uni-trier.de/db/journals/ws/ws9.html\#MeijBHHR11},
  volume = 9,
  year = 2011
}

@article{aranda,
  added-at = {2013-02-19T00:00:00.000+0100},
  author = {Aranda, Carlos Buil and Arenas, Marcelo and Corcho, Óscar and Polleres, Axel},
  biburl = {http://www.bibsonomy.org/bibtex/2c429eddca494d3145bbdadcbc137aaec/dblp},
  ee = {http://dx.doi.org/10.1016/j.websem.2012.10.001},
  interhash = {6f968ffef89d9e6709db9a1c739d69be},
  intrahash = {c429eddca494d3145bbdadcbc137aaec},
  journal = {J. Web Sem.},
  keywords = {dblp},
  number = 1,
  pages = {1-17},
  timestamp = {2013-02-20T11:36:00.000+0100},
  title = {Federating queries in SPARQL 1.1: Syntax, semantics and evaluation.},
  url = {http://dblp.uni-trier.de/db/journals/ws/ws18.html\#ArandaACP13},
  volume = 18,
  year = 2013
}

%logic
%11
@article{afrati,
  added-at = {2007-02-26T00:00:00.000+0100},
  author = {Afrati, Foto N. and Li, Chen and Mitra, Prasenjit},
  biburl = {http://www.bibsonomy.org/bibtex/2e3380356ba89be5087a933b63b0ea104/dblp},
  date = {2007-02-26},
  description = {dblp},
  ee = {http://dx.doi.org/10.1016/j.tcs.2006.08.020},
  interhash = {708a0de976c1d7b33e0f8be8ba49d3da},
  intrahash = {e3380356ba89be5087a933b63b0ea104},
  journal = {Theor. Comput. Sci.},
  keywords = {dblp},
  number = {1-2},
  pages = {88-123},
  timestamp = {2007-02-26T00:00:00.000+0100},
  title = {Rewriting queries using views in the presence of arithmetic comparisons.},
  volume = 368,
  year = 2006
}

%static approach
%12
@inproceedings{baralis,
  author = {Baralis, Elena and Paraboschi, Stefano and Teniente, Ernest},
  title = {Materialized Views Selection in a Multidimensional Database},
  booktitle = {Proceedings of the 23rd International Conference on Very Large  Data Bases},
  series = {VLDB '97},
  year = {1997},
  isbn = {1-55860-470-7},
  pages = {156--165},
  numpages = {10},
  url = {http://dl.acm.org/citation.cfm?id=645923.671019},
  acmid = {671019},
  publisher = {Morgan Kaufmann Publishers Inc.},
  address = {San Francisco, CA, USA},
}

%16
@inproceedings{shim,
  added-at = {2012-09-20T00:00:00.000+0200},
  author = {Shim, Junho and Scheuermann, Peter and Vingralek, Radek},
  biburl = {http://www.bibsonomy.org/bibtex/2944a3765916b1329227fe680243f3d81/dblp},
  booktitle = {SSDBM},
  cdrom = {DiSC2_1/out/papers/ssdbm/00460254.pdf},
  ee = {http://doi.ieeecomputersociety.org/10.1109/SSDM.1999.787641},
  interhash = {871a0a16da7bc322a2a8fd1d7ed716fa},
  intrahash = {944a3765916b1329227fe680243f3d81},
  keywords = {dblp},
  pages = {254-263},
  timestamp = {2012-09-20T00:00:00.000+0200},
  title = {Dynamic Caching of Query Results for Decision Support Systems.},
  year = 1999
}

%17
@inproceedings{kalnis,
  added-at = {2012-09-14T00:00:00.000+0200},
  author = {Kalnis, Panos and Papadias, Dimitris},
  biburl = {http://www.bibsonomy.org/bibtex/28dd2917a27a525649fec576fcd4d8629/dblp},
  booktitle = {SIGMOD Conference},
  crossref = {conf/sigmod/2001},
  editor = {Mehrotra, Sharad and Sellis, Timos K.},
  ee = {http://doi.acm.org/10.1145/375663.375712},
  interhash = {0e95c0df82c4d036a7478b7d8e90d446},
  intrahash = {8dd2917a27a525649fec576fcd4d8629},
  isbn = {1-58113-332-4},
  keywords = {dblp},
  pages = {367-378},
  publisher = {ACM},
  timestamp = {2012-09-14T00:00:00.000+0200},
  title = {Proxy-Server Architectures for OLAP.},
  year = 2001
}

%18
@article{chang,
  added-at = {2003-12-10T00:00:00.000+0100},
  author = {Park, Chang-Sup and Kim, Myoung-Ho and Lee, Yoon-Joon},
  biburl = {http://www.bibsonomy.org/bibtex/2787b15d60c43833922ceb1b101e7b13b/dblp},
  date = {2003-12-10},
  description = {dblp},
  ee = {http://dx.doi.org/10.1016/S0164-1212(02)00142-5},
  interhash = {51828d90d6a15b0a6ab79b097125131e},
  intrahash = {787b15d60c43833922ceb1b101e7b13b},
  journal = {Journal of Systems and Software},
  keywords = {dblp},
  number = 2,
  pages = {103-119},
  timestamp = {2003-12-10T00:00:00.000+0100},
  title = {Usability-based caching of query results in OLAP systems.},
  volume = 68,
  year = 2003
}

%domain
%19
@article{keller,
  added-at = {2012-09-16T00:00:00.000+0200},
  author = {Keller, Arthur M. and Basu, Julie},
  biburl = {http://www.bibsonomy.org/bibtex/2ea67f79bb82da7c1546115a6e1c203d1/dblp},
  cdrom = {VLDBJ5/60050035.pdf},
  cite = {conf/vldb/WilkinsonN90},
  ee = {http://dx.doi.org/10.1007/s007780050014},
  interhash = {e34a1b70902fe8864119cbb7e0c1f9f8},
  intrahash = {ea67f79bb82da7c1546115a6e1c203d1},
  journal = {VLDB J.},
  keywords = {dblp},
  number = 1,
  pages = {35-47},
  timestamp = {2012-09-16T00:00:00.000+0200},
  title = {A Predicate-based Caching Scheme for Client-Server Database Architectures},
  volume = 5,
  year = 1996
}

%9
@inproceedings{olston,
 author = {Olston, Chris and Jiang, Jing and Widom, Jennifer},
 title = {Adaptive Filters for Continuous Queries over Distributed Data Streams},
 booktitle = {Proceedings of the 2003 ACM SIGMOD International Conference on Management of Data},
 series = {SIGMOD '03},
 year = {2003},
 isbn = {1-58113-634-X},
 location = {San Diego, California},
 pages = {563--574},
 numpages = {12},
 url = {http://doi.acm.org/10.1145/872757.872825},
 doi = {10.1145/872757.872825},
 acmid = {872825},
 publisher = {ACM},
 address = {New York, NY, USA},
} 

%10
@inproceedings{denny,
 author = {Denny, Matthew and Franklin, Michael J.},
 title = {Predicate Result Range Caching for Continuous Queries},
 booktitle = {Proceedings of the 2005 ACM SIGMOD International Conference on Management of Data},
 series = {SIGMOD '05},
 year = {2005},
 isbn = {1-59593-060-4},
 location = {Baltimore, Maryland},
 pages = {646--657},
 numpages = {12},
 url = {http://doi.acm.org/10.1145/1066157.1066231},
 doi = {10.1145/1066157.1066231},
 acmid = {1066231},
 publisher = {ACM},
 address = {New York, NY, USA},
} 

%13
@inproceedings{gupta97,
 author = {Gupta, Himanshu},
 title = {Selection of Views to Materialize in a Data Warehouse},
 booktitle = {Proceedings of the 6th International Conference on Database Theory},
 series = {ICDT '97},
 year = {1997},
 isbn = {3-540-62222-5},
 pages = {98--112},
 numpages = {15},
 url = {http://dl.acm.org/citation.cfm?id=645502.656089},
 acmid = {656089},
 publisher = {Springer-Verlag},
 address = {London, UK, UK},
} 

%14
@inproceedings{gupta99,
 author = {Gupta, Himanshu and Mumick, Inderpal Singh},
 title = {Selection of Views to Materialize Under a Maintenance Cost Constraint},
 booktitle = {Proceedings of the 7th International Conference on Database Theory},
 series = {ICDT '99},
 year = {1999},
 isbn = {3-540-65452-6},
 pages = {453--470},
 numpages = {18},
 url = {http://dl.acm.org/citation.cfm?id=645503.656261},
 acmid = {656261},
 publisher = {Springer-Verlag},
 address = {London, UK, UK},
} 

%15
@inproceedings{scheuermann,
 author = {Scheuermann, Peter and Shim, Junho and Vingralek, Radek},
 title = {WATCHMAN: A Data Warehouse Intelligent Cache Manager},
 booktitle = {Proceedings of the 22th International Conference on Very Large Data Bases},
 series = {VLDB '96},
 year = {1996},
 isbn = {1-55860-382-4},
 pages = {51--62},
 numpages = {12},
 url = {http://dl.acm.org/citation.cfm?id=645922.758367},
 acmid = {758367},
 publisher = {Morgan Kaufmann Publishers Inc.},
 address = {San Francisco, CA, USA},
}

@book{hilbert,
  author = {Hilbert, David and Ackermann, Wilhelm},
  title = {Principles of Mathematical Logic},
  publisher = {AMS Chelsea Publishing},
  year = 1950,
  numpages = {172}
}

@book{mendelson,
  author = {Mendelson, Elliott},
  title = {Introduction to Mathematical Logic},
  edition = 5,
  publisher = {CRC Press},
  year = 2009,
  numpages = {469}
}

@book{church,
  author = {Church, Alonzo},
  title = {Introduction to Mathematical Logic},
  publisher = {Princeton University Press},
  year = 1996,
  numpages = {378}
}

@book{date,
  author = {Date, Christopher J.},
  title = {SQL and Relational Theory},
  publisher = {O'Reilly},
  year = 2009,
  numpages = {448}
}
